@STRING{ jan = "Januar" }
@STRING{ feb = "Februar" }
@STRING{ mar = "M{\"a}rz" }
@STRING{ apr = "April" }
@STRING{ may = "Mai" }
@STRING{ jun = "Juni" }
@STRING{ jul = "Juli" }
@STRING{ aug = "August" }
@STRING{ sep = "September" }
@STRING{ oct = "Oktober" }
@STRING{ nov = "November" }
@STRING{ dec = "Dezember" }
@misc{javaConInPrac, 
    author = "{Goetz, Brian [et al.]}",
    title = "JAVA Cocurrency in Practice", 
    year = "2006",   
    HOWPUBLISHED = "Buch",
    note = {Pearson Education Inc. London, ISBN: 0-321-34960-1},
    }
@misc{nebenlaeufigeProg, 
    author = "{Vogt, Carsten}",
    title = "Nebenläufige Programmierung", 
    year = "2012", 
    HOWPUBLISHED = "Buch",
    note = {Carl Hanser Verlag, München, ISBN: 978-3-446-42755-6},
    }
@misc{android5, 
    author = "{Becker, Arno und Pant, Marcus}",
    title = "Android5", 
    year = "4.Auflage 2015",  
    HOWPUBLISHED = "Buch",
    note = {dpunkt Verlag GmbH, Heidelberg, ISBN: 978-3-86490-260-4},
    }
@misc{androidDevDocu, 
    author = "{Google Inc}", 
    publisher = "Google Inc", 
    title = "Android Api Dokumentation", 
    month = "Dezember", 
    year = "2010",   
    HOWPUBLISHED = "Webseite",
    url = "http://developer.android.com/reference/android/app/Activity.html", 
    urldate = {12.11.2015},
    }
@misc{handlerLooperBlock, 
    author = "{Yehuda, A.}", 
    publisher = "Avi Yehuda", 
    title = "Android – Multithreading in a UI environment", 
    month = nov, 
    year = "2015", 
    HOWPUBLISHED = "Webseite",
    url = "http://www.aviyehuda.com/blog/2010/12/20/android-multithreading-in-a-ui-environment/", 
    urldate = {12.11.2015},
    }
@misc{philosofen, 
    author = "{Middendorf, Stefan [et al.]}", 
    HOWPUBLISHED = "Website", 
    title = "JavaTM Programmierhandbuch und Referenz für die JavaTM-2-Plattform, Standard Edition", 
    year = "3. Auflage 2002", 
    url = "https://www.dpunkt.de/java/Programmieren_mit_Java/Multithreading/11.html", 
    urldate = {12.11.2015},    
    note = {dpunkt Verlag GmbH, Heidelberg},
    }
@misc{declarativProgrammingScript, 
    author = "{Loogen, Rita}", 
    HOWPUBLISHED = "PDF", 
    title = "Praktische Informatik III (Skript): Deklarative Programmierung", 
    year = "2002", 
    note = {Phillipps-Universität, Marburg},
    }
@misc{declarativCriticalJurnal, 
    author = "{Lampe, Jürgen}", 
    HOWPUBLISHED = "Website", 
    title = "Ist deklarativ wirklich instruktiv", 
    year = "2014",
    month = may,
    url = "http://www.informatik-aktuell.de/entwicklung/methoden/deklarative-programmierung-ist-deklarativ-wirklich-instruktiv.html", 
    urldate = {12.11.2015},    
    note = {Alkmene Verlags- und Mediengesellschaft mbH, Frankfurt am Main},
    }
@misc{funcProgrJava, 
    author = "{Langer, Angelika und  Kreft, Klaus}", 
    HOWPUBLISHED = "Webseite \& Jurnal: Java Magazin", 
    title = "Effective Java - Java 8 - Functional Programming in Java", 
    year = "2013",
    month = sep,
    url = "http://www.angelikalanger.com/Articles/EffectiveJava/70.Java8.FunctionalProg/70.Java8.FunctionalProg.html", 
    urldate = {12.11.2015},
    }
@misc{rxAllgDoku, 
    author = "{RXCommunity}",
    title = "ReactiveX", 
    HOWPUBLISHED = "Webseite",
    url = "http://reactivex.io/intro.html", 
    urldate = {12.11.2015},
    }
@misc{heiseReactiveManifesto, 
    author = "{Neumann, Alexander}",
    title = "Ein Manifest für Reactive Programming", 
    year = "2013",
    HOWPUBLISHED = "Webseite",
    url = "http://www.heise.de/developer/meldung/Ein-Manifest-fuer-Reactive-Programming-1945096.html", 
    urldate = {12.11.2015},
    }
@misc{reactiveManifesto, 
    author = "{Eckel, Bruce und Boner, Jonas}",
    title = "The Reactive Manifesto", 
    year = "2014",
    HOWPUBLISHED = "Webseite",
    url = "http://www.reactivemanifesto.org/", 
    urldate = {12.11.2015},
    }
@misc{androidConcurrencyCriticalCompare, 
    author = "{Corrigall, Devin}",
    title = "ASYNCHRONOUS ANDROID PROGRAMMING – THE GOOD, THE BAD, AND THE UGLY", 
    year = "2014",
    HOWPUBLISHED = "Webseite",
    url = "http://code.hootsuite.com/asynchronous-android-programming-the-good-the-bad-and-the-ugly/", 
    urldate = {12.11.2015},
    }
@misc{rxJavaCaseStudi, 
    author = "{McComb, Matt}",
    title = "Tackling Complexity in Android Apps with RxJava at SoundCloud", 
    year = "2014",
    HOWPUBLISHED = "Webseite",
    url = "http://www.infoq.com/news/2014/11/android-rxjava-at-soundcloud", 
    urldate = {12.11.2015},
    }
@misc{rxJavaTutorial, 
    author = "{Law, Dan}",
    title = "Grokking RxJava", 
    year = "2014",
    HOWPUBLISHED = "Webseite",
    url = "http://blog.danlew.net/2014/09/15/grokking-rxjava-part-1/", 
    urldate = {12.11.2015},
    }
@misc{rxInitiative, 
    author = "{Fröhling, Claudia}",
    title = "Neue Initiative für Reactive Streams holt alle Parteien an einen Tisch", 
    year = "2014",
    HOWPUBLISHED = "Webseite",
    url = "https://jaxenter.de/neue-initiative-fur-reactive-streams-holt-alle-parteien-an-einen-tisch-1252", 
    urldate = {12.11.2015},
    }
@misc{futureToObservable, 
    author = "{Needham, Mark}",
    title = "RxJava: From Future to Observable", 
    year = "2014",
    HOWPUBLISHED = "Webseite",
    url = "http://www.markhneedham.com/blog/2013/12/28/rxjava-from-future-to-observable/", 
    urldate = {12.11.2015},
    }
@misc{rxOnAndroidTips, 
    author = "{Tuominen, Timo}",
    title = "Top 7 Tips for RxJava on Android", 
    year = "2014",
    HOWPUBLISHED = "Webseite",
    url = "http://futurice.com/blog/top-7-tips-for-rxjava-on-android", 
    urldate = {12.11.2015},
    }